@inproceedings{minirocket, series={KDD ’21},
    title={MiniRocket: A Very Fast (Almost) Deterministic Transform for Time Series Classification},
    url={http://dx.doi.org/10.1145/3447548.3467231},
    DOI={10.1145/3447548.3467231},
    booktitle={Proceedings of the 27th ACM SIGKDD Conference on Knowledge Discovery \& Data Mining},
    publisher={ACM},
    author={Dempster, Angus and Schmidt, Daniel F. and Webb, Geoffrey I.},
    year={2021},
    month={8}, collection={KDD ’21} }

@article{rocket,
    title={ROCKET: exceptionally fast and accurate time series classification using random convolutional kernels},
    volume={34},
    ISSN={1573-756X},
    url={http://dx.doi.org/10.1007/s10618-020-00701-z},
    DOI={10.1007/s10618-020-00701-z},
    number={5},
    journal={Data Mining and Knowledge Discovery},
    publisher={Springer Science and Business Media LLC},
    author={Dempster, Angus and Petitjean, François and Webb, Geoffrey I.},
    year={2020},
    month={7}, pages={1454–1495} }

@article{hivecote,
    author = {Lines, Jason and Taylor, Sarah and Bagnall, Anthony},
    title = {Time Series Classification with HIVE-COTE: The Hierarchical Vote Collective of Transformation-Based Ensembles},
    year = {2018},
    issue_date = {October 2018},
    publisher = {Association for Computing Machinery},
    address = {New York, NY, USA},
    volume = {12},
    number = {5},
    issn = {1556-4681},
    url = {https://doi.org/10.1145/3182382},
    doi = {10.1145/3182382},
    journal = {ACM Trans. Knowl. Discov. Data},
    month = {7},
    articleno = {52},
    numpages = {35},
    keywords = {meta ensembles, heterogeneous ensembles, deep learning, Time series classification}
}

@misc{hivecote2,
    title={HIVE-COTE 2.0: a new meta ensemble for time series classification}, 
    author={Matthew Middlehurst and James Large and Michael Flynn and Jason Lines and Aaron Bostrom and Anthony Bagnall},
    year={2021},
    eprint={2104.07551},
    archivePrefix={arXiv},
    primaryClass={cs.LG}
}

@article{tschief,
    title={TS-CHIEF: a scalable and accurate forest algorithm for time series classification},
    volume={34},
    ISSN={1573-756X},
    url={http://dx.doi.org/10.1007/s10618-020-00679-8},
    DOI={10.1007/s10618-020-00679-8},
    number={3},
    journal={Data Mining and Knowledge Discovery},
    publisher={Springer Science and Business Media LLC},
    author={Shifaz, Ahmed and Pelletier, Charlotte and Petitjean, François and Webb, Geoffrey I.},
    year={2020},
    month={3}, pages={742–775} }

@article{inceptiontime,
    title={InceptionTime: Finding AlexNet for time series classification},
    volume={34},
    ISSN={1573-756X},
    url={http://dx.doi.org/10.1007/s10618-020-00710-y},
    DOI={10.1007/s10618-020-00710-y},
    number={6},
    journal={Data Mining and Knowledge Discovery},
    publisher={Springer Science and Business Media LLC},
    author={Ismail Fawaz, Hassan and Lucas, Benjamin and Forestier, Germain and Pelletier, Charlotte and Schmidt, Daniel F. and Weber, Jonathan and Webb, Geoffrey I. and Idoumghar, Lhassane and Muller, Pierre-Alain and Petitjean, François},
    year={2020},
    month={9}, pages={1936–1962} }

@misc{ucrdataset,
    title         = {The UCR Time Series Archive},
    author        = {Hoang Anh Dau and Anthony Bagnall and Kaveh Kamgar and Chin-Chia Michael Yeh and Yan Zhu and Shaghayegh Gharghabi and Chotirat Ann Ratanamahatana and Eamonn Keogh},
    year          = {2019},
    eprint        = {1810.07758},
    archiveprefix = {arXiv},
    primaryclass  = {cs.LG},
    doi           = {10.48550/arXiv.1810.07758},
    url           = {https://arxiv.org/abs/1810.07758},
    urldate       = {2023-04-10}
}

@phdthesis{tscjulia,
    title         = {Time Series Classification in Julia},
    author        = {Kříž, Antonín},
    school        = {Czech Technical University in Prague, Faculty of Information Technology},
    howpublished  = {online},
    year          = {2023},
    url           = {http://hdl.handle.net/10467/109353},
    type          = {Bachelor's Thesis}
}

@misc{stupidfaster1,
    title={Stupid Faster},
    url={https://www.instagram.com/p/B2MjCGlAaOz},
    journal={Instagram},
    author={Shen Comix},
    year={2019},
    month={9},
    day={9}
} 

@misc{stupidfaster2,
    title={Stupid Faster - bonus},
    url={https://www.instagram.com/p/B2NN0GkAAgK},
    journal={Instagram},
    author={Shen Comix},
    year={2019},
    month={9},
    day={10}
} 

@misc{emoji,
    title={twemoji: Emoji for everyone. https://twemoji.twitter.com/},
    url={https://github.com/twitter/twemoji},
    accessdate={2024-05-16},
    journal={GitHub},
    author={Twitter}
}

@misc{nvidiaparallelsum,
    author = {Mark Harris and Shubhabrata Sengupta and John D. Owens},
    title = {{C}hapter 39. {P}arallel {P}refix {S}um ({S}can) with {C}{U}{D}{A} --- developer.nvidia.com},
    url = {https://developer.nvidia.com/gpugems/gpugems3/part-vi-gpu-computing/chapter-39-parallel-prefix-sum-scan-cuda},
    year = {2007},
    accessdate = {2024-05-17},
    journal = {NVIDIA}
}

@misc{nvidiaparallelsumslides,
    author = {Mark Harris},
    title = {Optimizing Parallel Reduction in CUDA},
    url = {https://developer.download.nvidia.com/assets/cuda/files/reduction.pdf},
    year = {2008},
    accessdate = {2024-05-17},
    journal = {NVIDIA}
}
